%% This BibTeX bibliography file was created using BibDesk.
%% http://bibdesk.sourceforge.net/

%% Created for fish at 2010-06-26 17:34:21 +0200 

%% Saved with string encoding Unicode (UTF-8) 

@book{BID2009,
	Address = {New York},
	Author = {Dave Mark and Jeff LaMarche},
	Isbn = {978-1-4302-1626-1},
	Publisher = {Springer-Verlag},
	Title = {Beginning iPhone Development},
	Year = {2009}}

@book{TEST,
	Address = {Test City},
	Author = {Test Autor 123},
	Isbn = {XXX-x-XXXX-xxxx-X},
	Publisher = {Testverlag},
	Title = {BiBTex Test},
	Year = {2010}}

@misc{UserStories,
  author = {Don Wells},
  title = {{User Stories}},
  howpublished = "\url{http://www.extremeprogramming.org/rules/userstories.html}",
  year = {1999}, 
  note = "[Online; 27 Dezember 2010]"}
  
@misc{AcceptanceTests,
  author = {Don Wells},
  title = {{Acceptance Tests}},
  howpublished = "\url{http://www.extremeprogramming.org/rules/functionaltests.html}",
  year = {1999}, 
  note = "[Online; 27 Dezember 2010]"}
	